@article{article,
author = {Ceccato, Vania and Uittenbogaard, Adriaan},
year = {2012},
month = {09},
pages = {},
title = {Space-time Clusters of Crime in Stockholm, Sweden},
volume = {4},
booktitle = {Review of European Studies}
}