@article{TSEKERIS20131,
title = "City size, network structure and traffic congestion",
journal = "Journal of Urban Economics",
volume = "76",
pages = "1 - 14",
year = "2013",
issn = "0094-1190",
doi = "https://doi.org/10.1016/j.jue.2013.01.002",
url = "http://www.sciencedirect.com/science/article/pii/S0094119013000119",
author = "Theodore Tsekeris and Nikolas Geroliminis",
keywords = "City size, Land use, Transport network, Traffic congestion dynamics, Macroscopic fundamental diagram"
}